@book{10.5555/531075,
author = {Holland, John H.},
title = {Adaptation in Natural and Artificial Systems: An Introductory Analysis with Applications to Biology, Control and Artificial Intelligence},
year = {1992},
isbn = {0262082136},
publisher = {MIT Press},
address = {Cambridge, MA, USA}
}
  
